<?xml version="1.0" encoding="UTF-8"?><record xmlns="http://www.loc.gov/MARC21/slim" xmlns:cinclude="http://apache.org/cocoon/include/1.0" xmlns:zs="http://www.loc.gov/zing/srw/">
  <leader>00442cz  a2200133n  4500</leader>
  <controlfield tag="001">n 2011007739</controlfield>
  <controlfield tag="003">DLC</controlfield>
  <controlfield tag="005">20150312114605.0</controlfield>
  <controlfield tag="008">110204n| azannaabn          |n aaa      </controlfield>
  <datafield tag="010" ind1=" " ind2=" ">
    <subfield code="a">n 2011007739</subfield>
  </datafield>
  <datafield tag="040" ind1=" " ind2=" ">
    <subfield code="a">DLC</subfield>
    <subfield code="b">eng</subfield>
    <subfield code="e">rda</subfield>
    <subfield code="c">DLC</subfield>
    <subfield code="d">DLC</subfield>
  </datafield>
  <datafield tag="100" ind1="1" ind2=" ">
    <subfield code="a">Evans, Jil</subfield>
  </datafield>
  <datafield tag="670" ind1=" " ind2=" ">
    <subfield code="a">Image in mind, 2010:</subfield>
    <subfield code="b">t.p. (Jil Evans)</subfield>
  </datafield>
  <datafield tag="670" ind1=" " ind2=" ">
    <subfield code="a">Contiuum WWW site, Feb. 4, 2011:</subfield>
    <subfield code="b">Image in mind page (Jil Evans; painter, printmaker; teaches in Art Dept., St. Olaf College)</subfield>
  </datafield>
</record>